<record><leader>00000cas a22000007a 4500</leader><controlfield tag="001">11861211</controlfield><controlfield tag="008">850329c19859999okuwr ne      0   a0eng d</controlfield><controlfield tag="009">467</controlfield><datafield ind1=" " ind2=" " tag="010"><subfield code="a">sn 85009791 </subfield></datafield><datafield ind1=" " ind2=" " tag="040"><subfield code="a">NSD</subfield><subfield code="b">eng</subfield><subfield code="c">NSD</subfield><subfield code="d">DLC</subfield><subfield code="d">OCL</subfield><subfield code="d">OBN</subfield><subfield code="d">OCLCQ</subfield></datafield><datafield ind1=" " ind2=" " tag="012"><subfield code="m">1</subfield></datafield><datafield ind1=" " ind2=" " tag="019"><subfield code="a">27786595</subfield></datafield><datafield ind1="1" ind2=" " tag="022"><subfield code="a">8750-8508</subfield><subfield code="l">8750-8508</subfield><subfield code="2">1</subfield></datafield><datafield ind1="1" ind2=" " tag="029"><subfield code="a">AU@</subfield><subfield code="b">000024690392</subfield></datafield><datafield ind1=" " ind2=" " tag="032"><subfield code="a">494180</subfield><subfield code="b">USPS</subfield></datafield><datafield ind1=" " ind2=" " tag="037"><subfield code="b">The Review, P.O. Box 6, Shidler, Okla. 74652</subfield></datafield><datafield ind1=" " ind2=" " tag="042"><subfield code="a">nsdp</subfield></datafield><datafield ind1="0" ind2=" " tag="130"><subfield code="a">Review (Shidler, Okla.)</subfield></datafield><datafield ind1=" " ind2="4" tag="222"><subfield code="a">The Review</subfield><subfield code="b">(Shidler, Okla.)</subfield></datafield><datafield ind1="0" ind2="4" tag="245"><subfield code="a">The review.</subfield></datafield><datafield ind1=" " ind2=" " tag="260"><subfield code="a">Shidler, Okla. :</subfield><subfield code="b">L.K. Horn</subfield></datafield><datafield ind1=" " ind2=" " tag="300"><subfield code="a">v.</subfield></datafield><datafield ind1=" " ind2=" " tag="310"><subfield code="a">Weekly</subfield></datafield><datafield ind1="0" ind2=" " tag="362"><subfield code="a">Vol. 60, no. 25 (Feb. 21, 1985)-</subfield></datafield><datafield ind1=" " ind2="4" tag="651"><subfield code="a">Shidler (Okla.)</subfield><subfield code="v">Newspapers.</subfield></datafield><datafield ind1=" " ind2="4" tag="651"><subfield code="a">Osage County (Okla.)</subfield><subfield code="v">Newspapers.</subfield></datafield><datafield ind1=" " ind2=" " tag="752"><subfield code="a">United States</subfield><subfield code="b">Oklahoma</subfield><subfield code="c">Osage</subfield><subfield code="d">Shidler.</subfield></datafield><datafield ind1="0" ind2="0" tag="780"><subfield code="t">Shidler review</subfield><subfield code="w">(DLC)sn 93066014</subfield><subfield code="w">(OCoLC)27786581</subfield></datafield><datafield ind1=" " ind2=" " tag="936"><subfield code="a">Feb. 21, 1985</subfield></datafield></record>